<?xml version="1.0" encoding="UTF-8"?><collection xmlns="http://www.loc.gov/MARC21/slim"><record><leader>00512nam--2200193-u-4500</leader><controlfield tag="001">000056758</controlfield><controlfield tag="002">20190620</controlfield><controlfield tag="005">20190620042235</controlfield><controlfield tag="008">190620s1000------------r-----000-0-eng-d</controlfield><datafield ind1=" " ind2=" " tag="040"><subfield code="a">IFIN-HH</subfield></datafield><datafield ind1=" " ind2=" " tag="041"><subfield code="a">eng</subfield></datafield><datafield ind1="1" ind2=" " tag="100"><subfield code="a">Stevens, Alquin</subfield></datafield><datafield ind1="1" ind2="0" tag="240"><subfield code="a">Shining a light on silicon etching</subfield></datafield><datafield ind1="1" ind2=" " tag="245"><subfield code="c">Alquin Stevens</subfield></datafield><datafield ind1=" " ind2=" " tag="260"><subfield code="a">Eindhoven</subfield><subfield code="b">Technische Universiteit Eindhiven</subfield><subfield code="c">2006</subfield></datafield><datafield ind1=" " ind2=" " tag="300"><subfield code="a">I-III +124 p</subfield></datafield><datafield ind1=" " ind2=" " tag="500"><subfield code="a">Donatie GHeorghe Dinescu</subfield></datafield><datafield ind1=" " ind2=" " tag="852"><subfield code="a">82741</subfield><subfield code="c">541.64</subfield></datafield><datafield ind1=" " ind2=" " tag="CAT"><subfield code="a">SYS</subfield><subfield code="c">20190620</subfield><subfield code="h">042235</subfield></datafield></record></collection>